@online{multivar,
  title =        "An Introduction to Vector Calculus",
  journal =      "MITOpenCourseWare",
  chapter =      "3",
  year =         "2011",
  publisher =   "Massachusetts Institute of Technology",
  url =          "https://ocw.mit.edu/resources/res-18-007-calculus-revisited-multivariable-calculus-fall-2011/study-materials/MITRES_18_007_supp_notes03.pdf",
}

@online{euler,
  author =      "Oliver M. Oâ€™Reilly and others", 
  title =        "The Euler Angle Parameterization",
  publisher =       "University of California, Berkeley",
  day =         "25",
  month =       "3",
  year =         "2011",
  url =          "https://rotations.berkeley.edu/the-euler-angle-parameterization/",
}

@online{acceleration, 
  author = "William Moebs and others", 
  publisher = "OpenStax", 
  title = "University Physics Volume 1",
  chapter = "4.2 Acceleration Vector", 
  day = "19",
  month = "9", 
  year = "2016", 
  url = "https://openstax.org/books/university-physics-volume-1/pages/4-2-acceleration-vector" 
}

@online{terminal,
	year = {2019},
	day = "16", 
	month = {6},
	publisher = {OpenStax CNX},
	title = {Drag {Force} and {Terminal} {Speed}},
	url = "https://phys.libretexts.org/@go/page/17914"
}


@online{zippic,
	publisher = "Tripadvisor",
	title = "Review of Selvatica, Cancun, Mexico",
	url = "media-cdn.tripadvisor.com/media/photo-s/1a/5b/04/03/caption.jpg"
}

@online{annotated,
	publisher = "Adventure Park",
	title = "Mega Zip Line Over 11 Waterfalls",
	url = "adventureparkcostarica.com/content/uploads/2019/05/wtrfall5.jpg"
}